@article{winkel2012efficient,
  title={Efficient least-squares basket-weaving},
  author={Winkel, B and Fl{\"o}er, L and Kraus, A},
  journal={Astronomy \& Astrophysics},
  volume={547},
  pages={A119},
  year={2012},
  publisher={EDP Sciences}
}

@article{huber2020role,
  title={The role of populist attitudes in explaining climate change skepticism and support for environmental protection},
  author={Huber, Robert A},
  journal={Environmental Politics},
  volume={29},
  number={6},
  pages={959--982},
  year={2020},
  publisher={Taylor \& Francis}
}

@article{TaiEtAl2022a,
	abstract = {Do democratic regimes depend on public support to avoid backsliding? Does public support, in turn, respond thermostatically to changes in democracy? Two prominent recent studies (Claassen 2020a; 2020b) reinvigorated the classic hypothesis on the positive relationship between public support for democracy and regime survival\textemdash and challenged its reciprocal counterpart\textemdash by using a latent variable approach to measure mass democratic support from cross-national survey data. However, both studies used only the point estimates of democratic support. We show that incorporating the concomitant measurement uncertainty into these analyses reveals that there is no support for either study's conclusion. Efforts to minimize the uncertainty by incorporating additional survey data still fail to yield evidence in support of either hypothesis. These results underscore the need for both more nuanced analyses of the relationships between public support and democracy and taking measurement uncertainty into account when working with latent variables.},
	author = {Tai, Yuehong `Cassandra' and Hu, Yue and Solt, Frederick},
	date-modified = {2023-11-30 12:56:35 -0600},
	file = {D\:\\Nutstore\\01_Literature\\Tai et al2022_Democracy, Public Support, and Measurement Uncertainty.pdf},
	issn = {0003-0554, 1537-5943},
	journal = {American Political Science Review},
	langid = {english},
	month = may,
	pages = {First View},
	publisher = {{Cambridge University Press}},
	title = {Democracy, Public Support, and Measurement Uncertainty},
	urldate = {2022-05-06},
	year = {2022},
	bdsk-url-1 = {https://doi.org/10.1017/S0003055422000429}}

@misc{SoltEtAl2019,
	abstract = {Collects and formats public opinion data for use in estimating cross-national latent variables.},
	author = {Solt, Frederick and Hu, Yue and Tai, Yuehong},
	date-modified = {2023-11-30 12:56:35 -0600},
	title = {{{DCPOtools}}: Tools for Dynamic Comparative Public Opinion},
	urldate = {2022-02-18},
	year = {2019},
	bdsk-url-1 = {https://github.com/fsolt/DCPOtools}}

@article{marshall2019our,
  title={Our environmental value orientations influence how we respond to climate change},
  author={Marshall, Nadine Anne and Thiault, Lauric and Beeden, Ally and Beeden, Roger and Benham, Claudia and Curnock, Matt I and Diedrich, Amy and Gurney, Georgina G and Jones, Lindsey and Marshall, Paul Augustine and others},
  journal={Frontiers in Psychology},
  volume={10},
  pages={938},
  year={2019},
  publisher={Frontiers Media SA}
}
@article{gregersen2020political,
  title={Political orientation moderates the relationship between climate change beliefs and worry about climate change},
  author={Gregersen, Thea and Doran, Rouven and B{\"o}hm, Gisela and Tvinnereim, Endre and Poortinga, Wouter},
  journal={Frontiers in psychology},
  volume={11},
  pages={1573},
  year={2020},
  publisher={Frontiers Media SA}
}

@article{brulle2021networks,
  title={Networks of opposition: A structural analysis of US climate change countermovement coalitions 1989--2015},
  author={Brulle, Robert J},
  journal={Sociological Inquiry},
  volume={91},
  number={3},
  pages={603--624},
  year={2021},
  publisher={Wiley Online Library}
}


@book{downie2019business,
  title={Business battles in the US energy sector: Lessons for a clean energy transition},
  author={Downie, Christian},
  year={2019},
  publisher={Routledge}
}


@article{hao2020social,
  title={Social Capital, carbon dependency, and public response to climate change in 22 European countries},
  author={Hao, Feng and Liu, Xinsheng and Michaels, Jay L},
  journal={Environmental science \& policy},
  volume={114},
  pages={64--72},
  year={2020},
  publisher={Elsevier}
}



@article{tranter2011political,
  title={Political divisions over climate change and environmental issues in Australia},
  author={Tranter, Bruce},
  journal={Environmental Politics},
  volume={20},
  number={1},
  pages={78--96},
  year={2011},
  publisher={Taylor \& Francis}
}

@article{backstrand2019road,
  title={The road to Paris: Contending climate governance discourses in the post-Copenhagen era},
  author={B{\"a}ckstrand, Karin and L{\"o}vbrand, Eva},
  journal={Journal of Environmental Policy \& Planning},
  volume={21},
  number={5},
  pages={519--532},
  year={2019},
  publisher={Taylor \& Francis}
}
@article{hao2019analysis,
  title={An analysis of environmental and economic impacts of fossil fuel production in the US from 2001 to 2015},
  author={Hao, Feng and Van Brown, Bethany L},
  journal={Society \& Natural Resources},
  volume={32},
  number={6},
  pages={693--708},
  year={2019},
  publisher={Taylor \& Francis}
}

@article{hao2021really,
  title={What really drives the deployment of renewable energy? A global assessment of 118 countries},
  author={Hao, Feng and Shao, Wanyun},
  journal={Energy Research \& Social Science},
  volume={72},
  pages={101880},
  year={2021},
  publisher={Elsevier}
}

@article{meckling2018power,
  title={The power of process: State capacity and climate policy},
  author={Meckling, Jonas and Nahm, Jonas},
  journal={Governance},
  volume={31},
  number={4},
  pages={741--757},
  year={2018},
  publisher={Wiley Online Library}
}


@article{goldberg2021identifying,
  title={Identifying the most important predictors of support for climate policy in the United States},
  author={Goldberg, Matthew H and Gustafson, Abel and Ballew, Matthew T and Rosenthal, Seth A and Leiserowitz, Anthony},
  journal={Behavioural Public Policy},
  volume={5},
  number={4},
  pages={480--502},
  year={2021},
  publisher={Cambridge University Press}
}
  % justify our indicators

  @article{bergquist2022meta,
  title={Meta-analyses of fifteen determinants of public opinion about climate change taxes and laws},
  author={Bergquist, Magnus and Nilsson, Andreas and Harring, Niklas and Jagers, Sverker C},
  journal={Nature Climate Change},
  volume={12},
  number={3},
  pages={235--240},
  year={2022},
  publisher={Nature Publishing Group UK London}
}

% justify our indicators


@article{marlon2022change,
  title={Change in US state-level public opinion about climate change: 2008--2020},
  author={Marlon, Jennifer R and Wang, Xinran and Bergquist, Parrish and Howe, Peter D and Leiserowitz, Anthony and Maibach, Edward and Mildenberger, Matto and Rosenthal, Seth},
  journal={Environmental Research Letters},
  volume={17},
  number={12},
  pages={124046},
  year={2022},
  publisher={IOP Publishing}
}

@article{bakaki2020triangular,
  title={The triangular relationship between public concern for environmental issues, policy output, and media attention},
  author={Bakaki, Zorzeta and B{\"o}hmelt, Tobias and Ward, Hugh},
  journal={Environmental Politics},
  volume={29},
  number={7},
  pages={1157--1177},
  year={2020},
  publisher={Taylor \& Francis}
}

@article{von2022democracy,
  title={Democracy, autocracy, and everything in between: how domestic institutions affect environmental protection},
  author={Von Stein, Jana},
  journal={British Journal of Political Science},
  volume={52},
  number={1},
  pages={339--357},
  year={2022},
  publisher={Cambridge University Press}
}


@article{anderson2017public,
  title={Public opinion and environmental policy output: a cross-national analysis of energy policies in Europe},
  author={Anderson, Bril{\'e} and B{\"o}hmelt, Tobias and Ward, Hugh},
  journal={Environmental Research Letters},
  volume={12},
  number={11},
  pages={114011},
  year={2017},
  publisher={IOP Publishing}
}


@article{schaffer2022policymakers,
  title={Are policymakers responsive to public demand in climate politics?},
  author={Schaffer, Lena Maria and Oehl, Bianca and Bernauer, Thomas},
  journal={Journal of Public Policy},
  volume={42},
  number={1},
  pages={136--164},
  year={2022},
  publisher={Cambridge University Press}
}

@article{papiez2018determinants,
  title={Determinants of renewable energy development in the EU countries. A 20-year perspective},
  author={Papie{\.z}, Monika and {\'S}miech, S{\l}awomir and Frodyma, Katarzyna},
  journal={Renewable and Sustainable Energy Reviews},
  volume={91},
  pages={918--934},
  year={2018},
  publisher={Elsevier}
}

@article{hao2021really,
  title={What really drives the deployment of renewable energy? A global assessment of 118 countries},
  author={Hao, Feng and Shao, Wanyun},
  journal={Energy Research \& Social Science},
  volume={72},
  pages={101880},
  year={2021},
  publisher={Elsevier}
}

@article{kolczynska_trust_2020,
	title = {Trust in state institutions in {Europe}, 1989-2019.},
	doi = {https://doi.org/10.31235/osf.io/3v5g7},
	author = {Kolczynska, Marta and BÃ¼rkner, Paul-Christian and Kennedy, John James and Vehtari, Aki},
	month = aug,
	year = {2020}
}

@article{solt2020modeling,
  title={Modeling Dynamic Comparative Public Opinion},
  author={Solt, Frederick},
  year={2020},
  publisher={SocArXiv}
}


@article{claassen2019estimating,
  title={Estimating smooth country--year panels of public opinion},
  author={Claassen, Christopher},
  journal={Political Analysis},
  volume={27},
  number={1},
  pages={1--20},
  year={2019},
  publisher={Cambridge University Press}
}

@article{mcgann2019parallel,
  title={Parallel lines? Policy mood in a plurinational democracy},
  author={McGann, Anthony and Dellepiane-Avellaneda, Sebastian and Bartle, John},
  journal={Electoral Studies},
  volume={58},
  pages={48--57},
  year={2019},
  publisher={Elsevier}
}

@article{caughey2019policy,
  title={Policy ideology in European mass publics, 1981--2016},
  author={Caughey, Devin and OâGrady, Tom and Warshaw, Christopher},
  journal={American Political Science Review},
  volume={113},
  number={3},
  pages={674--693},
  year={2019},
  publisher={Cambridge University Press}
}



@article{fankhauser2014domestic,
  title={Domestic dynamics and international influence: What explains the passage of climate change legislation?},
  author={Fankhauser, Sam and Gennaioli, Caterina and Collins, Murray},
  journal={Centre for Climate Change Economics and Policy Working Paper},
  number={156},
  year={2014}
}

@article{bergquist2022meta,
  title={Meta-analyses of fifteen determinants of public opinion about climate change taxes and laws},
  author={Bergquist, Magnus and Nilsson, Andreas and Harring, Niklas and Jagers, Sverker C},
  journal={Nature Climate Change},
  volume={12},
  number={3},
  pages={235--240},
  year={2022},
  publisher={Nature Publishing Group UK London}
}


@article{peng2021surprisingly,
  title={The surprisingly inexpensive cost of state-driven emission control strategies},
  author={Peng, Wei and Iyer, Gokul and Binsted, Matthew and Marlon, Jennifer and Clarke, Leon and Edmonds, James A and Victor, David G},
  journal={Nature Climate Change},
  volume={11},
  number={9},
  pages={738--745},
  year={2021},
  publisher={Nature Publishing Group UK London}
}

@article{lewis2019cross,
  title={Cross-national variation in determinants of climate change concern},
  author={Lewis, Gregory B and Palm, Risa and Feng, Bo},
  journal={Environmental Politics},
  volume={28},
  number={5},
  pages={793--821},
  year={2019},
  publisher={Taylor \& Francis}
}

@article{czarnek2021right,
  title={Right-wing ideology reduces the effects of education on climate change beliefs in more developed countries},
  author={Czarnek, Gabriela and Kossowska, Ma{\l}gorzata and Szwed, Paulina},
  journal={Nature Climate Change},
  volume={11},
  number={1},
  pages={9--13},
  year={2021},
  publisher={Nature Publishing Group UK London}
}

@article{jasny2015empirical,
  title={An empirical examination of echo chambers in US climate policy networks},
  author={Jasny, Lorien and Waggle, Joseph and Fisher, Dana R},
  journal={Nature Climate Change},
  volume={5},
  number={8},
  pages={782--786},
  year={2015},
  publisher={Nature Publishing Group UK London}
}

@article{hazlett2020wildfire,
  title={Wildfire exposure increases pro-environment voting within democratic but not republican areas},
  author={Hazlett, Chad and Mildenberger, Matto},
  journal={American Political Science Review},
  volume={114},
  number={4},
  pages={1359--1365},
  year={2020},
  publisher={Cambridge University Press}
}


@article{egan2017climate,
  title={Climate change: US public opinion},
  author={Egan, Patrick J and Mullin, Megan},
  journal={Annual Review of Political Science},
  volume={20},
  pages={209--227},
  year={2017},
  publisher={Annual Reviews}
}



@article{mccright2011politicization,
  title={The politicization of climate change and polarization in the American public's views of global warming, 2001--2010},
  author={McCright, Aaron M and Dunlap, Riley E},
  journal={The Sociological Quarterly},
  volume={52},
  number={2},
  pages={155--194},
  year={2011},
  publisher={Taylor \& Francis}
}


@article{mccright2016ideology,
  title={Ideology, capitalism, and climate: Explaining public views about climate change in the United States},
  author={McCright, Aaron M and Marquart-Pyatt, Sandra T and Shwom, Rachael L and Brechin, Steven R and Allen, Summer},
  journal={Energy Research \& Social Science},
  volume={21},
  pages={180--189},
  year={2016},
  publisher={Elsevier}
}

@article{boudet2020event,
  title={Event attribution and partisanship shape local discussion of climate change after extreme weather},
  author={Boudet, Hilary and Giordono, Leanne and Zanocco, Chad and Satein, Hannah and Whitley, Hannah},
  journal={Nature Climate Change},
  volume={10},
  number={1},
  pages={69--76},
  year={2020},
  publisher={Nature Publishing Group UK London}
}

@article{lee2015predictors,
  title={Predictors of public climate change awareness and risk perception around the world},
  author={Lee, Tien Ming and Markowitz, Ezra M and Howe, Peter D and Ko, Chia-Ying and Leiserowitz, Anthony A},
  journal={Nature climate change},
  volume={5},
  number={11},
  pages={1014--1020},
  year={2015},
  publisher={Nature Publishing Group UK London}
}


@incollection{pearson2017race,
  title={Race, class, gender and climate change communication},
  author={Pearson, Adam R and Ballew, Matthew T and Naiman, Sarah and Schuldt, Jonathon P},
  booktitle={Oxford research encyclopedia of climate science},
  year={2017}
}

@article{hornsey2016meta,
  title={Meta-analyses of the determinants and outcomes of belief in climate change},
  author={Hornsey, Matthew J and Harris, Emily A and Bain, Paul G and Fielding, Kelly S},
  journal={Nature climate change},
  volume={6},
  number={6},
  pages={622--626},
  year={2016},
  publisher={Nature Publishing Group UK London}
}



@book{dahl1971polyarchy,
  title={Polyarchy: Participation and opposition},
  author={Dahl, Robert A},
  year={1971},
  publisher={Yale university press}
}

@article{birch2020political,
  title={Political polarization and environmental attitudes: A cross-national analysis},
  author={Birch, Sarah},
  journal={Environmental Politics},
  volume={29},
  number={4},
  pages={697--718},
  year={2020},
  publisher={Taylor \& Francis}
}


@article{merkley2018party,
  title={Party elites or manufactured doubt? The informational context of climate change polarization},
  author={Merkley, Eric and Stecula, Dominik A},
  journal={Science Communication},
  volume={40},
  number={2},
  pages={258--274},
  year={2018},
  publisher={SAGE Publications Sage CA: Los Angeles, CA}
}


@article{bush2023facing,
  title={Facing change: Gender and climate change attitudes worldwide},
  author={Bush, Sarah Sunn and Clayton, Amanda},
  journal={American Political Science Review},
  volume={117},
  number={2},
  pages={591--608},
  year={2023},
  publisher={Cambridge University Press}
}


@inproceedings{kolczynska2024modeling,
  title={Modeling public opinion over time and space: Trust in state institutions in Europe, 1989-2019},
  author={Ko{\l}czy{\'n}ska, Marta and B{\"u}rkner, Paul-Christian and Kennedy, Lauren and Vehtari, Aki},
  booktitle={Survey Research Methods},
  volume={18},
  number={1},
  pages={1--19},
  year={2024}
}

@article{humacrointerest,
  title={Macrointerest Across Countries},
  author={Hu, Yue and Solt, Frederick},
  publisher={OSF}
}

@article{burstein2003impact,
  title={The impact of public opinion on public policy: A review and an agenda},
  author={Burstein, Paul},
  journal={Political research quarterly},
  volume={56},
  number={1},
  pages={29--40},
  year={2003},
  publisher={Sage Publications Sage CA: Thousand Oaks, CA}
}

@article{woo2023measuring,
  title={Measuring Tolerance of Homosexuality in the Mass Public Across Countries and Over Time},
  author={Woo, Byung-Deuk and Ko, Hyein and Tai, Yuehong Cassandra and Hu, Yue and Solt, Frederick},
  year={2023},
  publisher={OSF}
}

@article{woo2023public,
  title={Public gender Egalitarianism: A dataset of dynamic comparative public opinion toward egalitarian gender roles in the public sphere},
  author={Woo, Byung-Deuk and Goldberg, Lindsey A and Solt, Frederick},
  journal={British journal of political science},
  volume={53},
  number={2},
  pages={766--775},
  year={2023},
  publisher={Cambridge University Press}
}

@article{oehl2017measure,
  title={How to measure public demand for policies when there is no appropriate survey data?},
  author={Oehl, Bianca and Schaffer, Lena Maria and Bernauer, Thomas},
  journal={Journal of Public Policy},
  volume={37},
  number={2},
  pages={173--204},
  year={2017},
  publisher={Cambridge University Press}
}


@article{alkon2018pollution,
  title={Pollution lowers support for chinaâs regime: quasi-experimental evidence from Beijing},
  author={Alkon, Meir and Wang, Erik H},
  journal={The Journal of Politics},
  volume={80},
  number={1},
  pages={327--331},
  year={2018},
  publisher={University of Chicago Press Chicago, IL}
}

@article{stenner2015current,
  title={Current and future friends of the earth: assessing cross-national theories of environmental attitudes},
  author={Stenner, Karen and Nwokora, Zim},
  journal={Energies},
  volume={8},
  number={6},
  pages={4899--4919},
  year={2015},
  publisher={MDPI}
}

@article{miller2015elections,
  title={Elections, information, and policy responsiveness in autocratic regimes},
  author={Miller, Michael K},
  journal={Comparative Political Studies},
  volume={48},
  number={6},
  pages={691--727},
  year={2015},
  publisher={Sage Publications Sage CA: Los Angeles, CA}
}

@article{meng2017conditional,
  title={Conditional receptivity to citizen participation: Evidence from a survey experiment in China},
  author={Meng, Tianguang and Pan, Jennifer and Yang, Ping},
  journal={Comparative Political Studies},
  volume={50},
  number={4},
  pages={399--433},
  year={2017},
  publisher={Sage Publications Sage CA: Los Angeles, CA}
}

@article{keohane2016cooperation,
  title={Cooperation and discord in global climate policy},
  author={Keohane, Robert O and Victor, David G},
  journal={Nature Climate Change},
  volume={6},
  number={6},
  pages={570--575},
  year={2016},
  publisher={Nature Publishing Group UK London}
}

@article{nordhaus2015climate,
  title={Climate clubs: Overcoming free-riding in international climate policy},
  author={Nordhaus, William},
  journal={American Economic Review},
  volume={105},
  number={4},
  pages={1339--1370},
  year={2015},
  publisher={American Economic Association 2014 Broadway, Suite 305, Nashville, TN 37203}
}

@book{barrett2003environment,
  title={Environment and statecraft: The strategy of environmental treaty-making: The strategy of environmental treaty-making},
  author={Barrett, Scott},
  year={2003},
  publisher={OUP Oxford}
}

@book{ostrom1990governing,
  title={Governing the commons: The evolution of institutions for collective action},
  author={Ostrom, Elinor},
  year={1990},
  publisher={Cambridge university press}
}


@article{colgan2021asset,
  title={Asset revaluation and the existential politics of climate change},
  author={Colgan, Jeff D and Green, Jessica F and Hale, Thomas N},
  journal={International Organization},
  volume={75},
  number={2},
  pages={586--610},
  year={2021},
  publisher={Cambridge University Press}
}

@article{aklin2020prisoners,
  title={Prisoners of the wrong dilemma: why distributive conflict, not collective action, characterizes the politics of climate change},
  author={Aklin, Micha{\"e}l and Mildenberger, Matto},
  journal={Global Environmental Politics},
  volume={20},
  number={4},
  pages={4--27},
  year={2020},
  publisher={MIT Press One Rogers Street, Cambridge, MA 02142-1209, USA journals-info~â¦}
}


%Pew Research Center - Climate Change and Environmental Concern:
%https://www.pewresearch.org/science/2021/06/25/climate-change-and-environmental-concern-2021/

%Climate Change in the American Mind:
%https://climatecommunication.yale.edu/publications/climate-change-in-the-american-mind-october-2021/

%Gallup Poll - Global Warming Concern Steady Despite Some Partisan Shifts:
%https://news.gallup.com/poll/351706/global-warming-concern-steady-despite-partisan-shifts.aspx
